<?xml version="1.0" encoding="UTF-8"?><collection><record><leader>05284ntm a2200565 a 4500</leader><controlfield tag="001">006818820</controlfield><controlfield tag="003">MiAaHDL</controlfield><controlfield tag="005">20190719000000.0</controlfield><controlfield tag="006">m        d        </controlfield><controlfield tag="007">cr bn ---auaua</controlfield><controlfield tag="008">090615s17uu    xx            00| ||ota d</controlfield><datafield tag="035" ind1=" " ind2=" "><subfield code="a">(MiU)006818820</subfield></datafield><datafield tag="035" ind1=" " ind2=" "><subfield code="a">sdr-miu006818820</subfield></datafield><datafield tag="040" ind1=" " ind2=" "><subfield code="a">MiU</subfield><subfield code="c">MiU</subfield><subfield code="e">amremm</subfield></datafield><datafield tag="041" ind1="0" ind2=" "><subfield code="a">ota</subfield></datafield><datafield tag="043" ind1=" " ind2=" "><subfield code="a">n-us-mi</subfield></datafield><datafield tag="100" ind1="1" ind2=" "><subfield code="6">880-01</subfield><subfield code="a">Okçuzade Mehmet Şahî,</subfield><subfield code="d">d. 1629.</subfield></datafield><datafield tag="245" ind1="1" ind2="0"><subfield code="6">880-03</subfield><subfield code="a">Ahsenü'l-hadîs,</subfield><subfield code="f">[18th century?].</subfield></datafield><datafield tag="246" ind1="3" ind2=" "><subfield code="a">Ahsen ül-hadis</subfield></datafield><datafield tag="246" ind1="3" ind2=" "><subfield code="i">Edge title (tail):</subfield><subfield code="a">احسن الحديث</subfield></datafield><datafield tag="246" ind1="3" ind2=" "><subfield code="6">880-04</subfield><subfield code="i">Title from inscription on front flyleaf verso:</subfield><subfield code="a">حديث اربعين</subfield></datafield><datafield tag="260" ind1=" " ind2=" "><subfield code="c">[17--?].</subfield></datafield><datafield tag="300" ind1=" " ind2=" "><subfield code="a">154 leaves :</subfield><subfield code="b">paper ;</subfield><subfield code="c">206 x 118 (139 x 60) mm.</subfield></datafield><datafield tag="500" ind1=" " ind2=" "><subfield code="a">Shelfmark: Ann Arbor, University of Michigan, Special Collections Library, Isl. Ms. 369</subfield></datafield><datafield tag="500" ind1=" " ind2=" "><subfield code="a">Origin: Lacks dated colophon ; paper, etc. would suggest 18th century.</subfield></datafield><datafield tag="500" ind1=" " ind2=" "><subfield code="a">Former shelfmark: "۱٦٨" from label affixed to upper cover ; "341 T. De M. [i.e. Tammaro De Marinis]" inscribed in pencil on verso of front flyleaf.</subfield></datafield><datafield tag="500" ind1=" " ind2=" "><subfield code="a">Binding: Pasteboards covered in quite dark brown (to black) leather ; Type II binding (with flap) ; board linings in yellow-tinted silver-flecked paper, flyleaves in untinted silver-flecked paper ; upper and lower covers carry stamped (with orange recessed onlays, gold-painted) scalloped mandorla (filled with vegetal composition, compare Déroche class. NSd 7), pendants and cornerpieces, with tooled rosette and gold-painted accents as well as tooled border in a series of s-shaped stamps evoking guilloché roll ; design continues on envelope flap ; sewn in blue-green thread, two stations ; overall in poor condition with upper cover fully detached, spine split through in several places, endbands virtually gone (only small section of core and primaries remains at tail), abrasion and losses of media, lifting and losses of leather, etc. ; housed in box for protection.</subfield></datafield><datafield tag="500" ind1=" " ind2=" "><subfield code="a">Support: European laid paper mainly with 8-9 laid lines per cm. (vertical), chain lines spaced 27-28 mm. apart (horizontal), and watermarks of grapes (raisin) under crown (see p.4, 8, 10, 30, 250, etc.) and "DE IZERON" (see p.6, 16, etc.), crisp and transluscent though sturdy, well-burnished ; flyleaves in another European laid paper with 6 laid lines per cm. (horizontal), chain lines spaced 22-23 mm. apart (horizontal), and three crescents watermark ; some staining.</subfield></datafield><datafield tag="500" ind1=" " ind2=" "><subfield code="a">Decoration: Keywords, headings and some abbreviation symbols (mainly signes de renvoi), marginalia and vocalization rubricated ; textual dividers in the form of red discs ; occasional overlining in red ; written area surrounded by a heavy copper colored frame defined by black fillets and outermost red rule.</subfield></datafield><datafield tag="500" ind1=" " ind2=" "><subfield code="a">Script: Nastaʻlīq (talik) ; clear Turkish hand ; serifless with slight inclination to the left, elongation of horizontal strokes, many closed counters, pointing in conjoined dots ; opening (p.2) and pp.19-20 supplied in another nastaʻlīq (talik), serifless, with inclination to the right and slight effect of words descending to baseline, pointing in strokes rather than distinct dots.</subfield></datafield><datafield tag="500" ind1=" " ind2=" "><subfield code="a">Layout: Written in 21 lines per page ; frame-ruled.</subfield></datafield><datafield tag="500" ind1=" " ind2=" "><subfield code="a">Collation: i, 15 V(150), II (154), i ; almost exclusively quinions ; catchwords present ; pagination in pencil, Western numerals, supplied during digitization.</subfield></datafield><datafield tag="500" ind1=" " ind2=" "><subfield code="a">Explicit: "طلب دعاء اجابت قرين وجناب ستار العيوبدن در يوزۀ بهرۀ واجعل لى لسان صدق في الاخرين در رباعيه ... در عيب نظر مكن كه بى عيب خداست تمت م م م"</subfield></datafield><datafield tag="500" ind1=" " ind2=" "><subfield code="a">Incipit: "الحمد لله الذى نزل احسن الحديث ومن اصدق من الله حديثا ... اما بعد وقتا كه نظم بو ضعيف ومقصر ومكتر اوقجى زاده محمد افقر ... و بعد توفيق الاتمام بو مجموعه براعت اتسام احسن الحديث اسمى ايله وسم اولنمق ..."</subfield></datafield><datafield tag="500" ind1=" " ind2=" "><subfield code="a">Title from opening matter on p.6.</subfield></datafield><datafield tag="500" ind1=" " ind2=" "><subfield code="a">Ms. codex.</subfield></datafield><datafield tag="510" ind1="4" ind2=" "><subfield code="a">Woodhead, Christine. "Oḳču-zāde, Meḥmed Shāh Beg." In EI2,</subfield><subfield code="c">vol. VIII, p.164, col.1</subfield></datafield><datafield tag="520" ind1="8" ind2=" "><subfield code="a">Fine copy of the elegant versification with prose commentary of forty ḥadīth by Okçuzade Mehmet Şahî Bey (d.1629).</subfield></datafield><datafield tag="538" ind1=" " ind2=" "><subfield code="a">Mode of access: Internet.</subfield></datafield><datafield tag="541" ind1=" " ind2=" "><subfield code="c">Purchase ;</subfield><subfield code="a">Acquired by purchase (funds donated by Horace Rackham).</subfield><subfield code="d">1924.</subfield></datafield><datafield tag="546" ind1=" " ind2=" "><subfield code="a">Ottoman Turkish.</subfield></datafield><datafield tag="561" ind1=" " ind2=" "><subfield code="a">Possible former inventory mark on front flyleaf verso "٢٠" ; extensive marginal corrections in a later hand.</subfield></datafield><datafield tag="650" ind1=" " ind2="0"><subfield code="a">Manuscripts, Turkish</subfield><subfield code="z">Michigan</subfield><subfield code="z">Ann Arbor.</subfield></datafield><datafield tag="650" ind1=" " ind2="0"><subfield code="a">Hadith</subfield><subfield code="x">Criticism, interpretation, etc.</subfield><subfield code="v">Early works to 1800.</subfield></datafield><datafield tag="650" ind1=" " ind2="0"><subfield code="a">Hadith</subfield><subfield code="v">Texts</subfield><subfield code="v">Early works to 1800.</subfield></datafield><datafield tag="700" ind1="0" ind2=" "><subfield code="a">Abdülhamid</subfield><subfield code="b">II,</subfield><subfield code="c">Sultan of the Turks,</subfield><subfield code="d">1842-1918,</subfield><subfield code="e">former owner.</subfield></datafield><datafield tag="773" ind1="0" ind2=" "><subfield code="a">Abdul Hamid Collection.</subfield></datafield><datafield tag="880" ind1="3" ind2=" "><subfield code="6">246-04/</subfield><subfield code="a">Hadis-i erbain</subfield></datafield><datafield tag="880" ind1="1" ind2="0"><subfield code="6">245-03/</subfield><subfield code="a">احسن الحديث,</subfield><subfield code="f">[القرن 18م؟].</subfield></datafield><datafield tag="880" ind1="1" ind2=" "><subfield code="6">100-01/</subfield><subfield code="a">اوقجى زاده محمد شاهى.</subfield></datafield><datafield tag="CID" ind1=" " ind2=" "><subfield code="a">006818820</subfield></datafield><datafield tag="DAT" ind1="0" ind2=" "><subfield code="a">20190719102639.0</subfield><subfield code="b">20190719000000.0</subfield></datafield><datafield tag="DAT" ind1="1" ind2=" "><subfield code="a">20190719090653.0</subfield><subfield code="b">2019-07-19T16:10:59Z</subfield></datafield><datafield tag="DAT" ind1="2" ind2=" "><subfield code="a">2015-10-10T18:00:06Z</subfield></datafield><datafield tag="CAT" ind1=" " ind2=" "><subfield code="a">SDR-MIU</subfield><subfield code="d">EX LIBRIS - ALEPH</subfield><subfield code="l">prepare.pl-004-008</subfield></datafield><datafield tag="FMT" ind1=" " ind2=" "><subfield code="a">BK</subfield></datafield><datafield tag="HOL" ind1=" " ind2=" "><subfield code="0">sdr-miu006818820</subfield><subfield code="a">MiU</subfield><subfield code="b">SDR</subfield><subfield code="c">MIU</subfield><subfield code="p">mdp.39015079130095</subfield><subfield code="s">MIU</subfield><subfield code="1">006818820</subfield></datafield><datafield tag="974" ind1=" " ind2=" "><subfield code="b">MIU</subfield><subfield code="c">MIU</subfield><subfield code="d">20190719</subfield><subfield code="s">lit-dlps-dc</subfield><subfield code="u">mdp.39015079130095</subfield><subfield code="y">1799</subfield><subfield code="r">pd</subfield><subfield code="q">bib</subfield><subfield code="t">non-US bib date1 &lt; 1896</subfield></datafield></record></collection>